@article{Gebru:2021,
  title     = "Datasheets for datasets",
  author    = "Gebru, Timnit and Morgenstern, Jamie and Vecchione, Briana and
               Vaughan, Jennifer Wortman and Wallach, Hanna and Iii, Hal
               Daum{\'e} and Crawford, Kate",
  abstract  = "Documentation to facilitate communication between dataset
               creators and consumers.",
  journal   = "Commun. ACM",
  publisher = "Association for Computing Machinery (ACM)",
  volume    =  64,
  number    =  12,
  pages     = "86--92",
  month     =  dec,
  year      =  2021,
  language  = "en"
}